@misc{syerramilli2023,
  author = {Syerramilli},
  title = {{PS3E20: Dimension Reduction Approach}},
  year = {2023},
  month = {August},
  day = {9},
  howpublished = {\url{https://www.kaggle.com/code/syerramilli/ps3e20-dimension-reduction-approach}},
}